<?xml version="1.0" encoding="UTF-8"?><collection><record><leader>06768ntm a2200553 a 4500</leader><controlfield tag="001">005984416</controlfield><controlfield tag="003">MiAaHDL</controlfield><controlfield tag="005">20190719000000.0</controlfield><controlfield tag="006">m        d        </controlfield><controlfield tag="007">cr bn ---auaua</controlfield><controlfield tag="008">090403s17uu    xx            00| ||ara d</controlfield><datafield tag="035" ind1=" " ind2=" "><subfield code="a">(MiU)005984416</subfield></datafield><datafield tag="035" ind1=" " ind2=" "><subfield code="a">sdr-miu005984416</subfield></datafield><datafield tag="040" ind1=" " ind2=" "><subfield code="a">MiU</subfield><subfield code="c">MiU</subfield><subfield code="e">amremm</subfield></datafield><datafield tag="043" ind1=" " ind2=" "><subfield code="a">n-us-mi</subfield></datafield><datafield tag="100" ind1="1" ind2=" "><subfield code="6">880-01</subfield><subfield code="a">Fanārī, Ḥasan ibn Muḥammad Shāh,</subfield><subfield code="d">1436 or 1437-1481.</subfield></datafield><datafield tag="245" ind1="1" ind2="0"><subfield code="6">880-03</subfield><subfield code="a">Ḥasan Chalabī ʻalá Sharḥ al-Mawāqif,</subfield><subfield code="f">[18th century?].</subfield></datafield><datafield tag="246" ind1="3" ind2=" "><subfield code="a">Ḥāshiyat Ḥasan Chalabī li-Sharḥ al-Mawāqif</subfield></datafield><datafield tag="246" ind1="3" ind2=" "><subfield code="i">Title from inscription on upper board lining:</subfield><subfield code="a">حاشية حسن چلبي لشرح المواقف</subfield></datafield><datafield tag="246" ind1="3" ind2=" "><subfield code="i">Title from paper label on fore-edge flap:</subfield><subfield code="a">شرح مواقف للحسن چلبي</subfield></datafield><datafield tag="260" ind1=" " ind2=" "><subfield code="c">[17--?].</subfield></datafield><datafield tag="300" ind1=" " ind2=" "><subfield code="a">227 leaves :</subfield><subfield code="b">paper ;</subfield><subfield code="c">222 x 145 (155 x 109) mm.</subfield></datafield><datafield tag="500" ind1=" " ind2=" "><subfield code="a">Shelfmark: Ann Arbor, University of Michigan, Special Collections Library, Isl. Ms. 37</subfield></datafield><datafield tag="500" ind1=" " ind2=" "><subfield code="a">Origin: Lacks dated colophon ; paper, hand, etc. would suggest late 18th or early 19th century.</subfield></datafield><datafield tag="500" ind1=" " ind2=" "><subfield code="a">Accompanying materials: Inserted slip, laid paper with notes in black ink (between pp. 278-279).</subfield></datafield><datafield tag="500" ind1=" " ind2=" "><subfield code="a">Former shelfmark: British Museum, London "No. 121. Hasan Chelebi's commentary on al-Mawaqif" ; "٣٦٢" in black ink on tail edge of text block.</subfield></datafield><datafield tag="500" ind1=" " ind2=" "><subfield code="a">Binding: Pasteboards faced in orange-tinted paper with edges / turn-ins in dark brown leather (paper-faced, leather-edged, framed binding) ; Type II binding (with flap) ; board linings in an untinted paper ; scalloped edge on inner joint of fore edge / envelope flap ; sewn in cream colored thread, two stations, mainly intact ; endbands lacking ; overall in fairly good condition ; repairs to hinges on envelope flap in red straight grain leather ; possibly recycled, with boards narrower than text block, fore edge flap ill-fitting (too wide for the current thickness of the text block), text block badly trimmed at tail.</subfield></datafield><datafield tag="500" ind1=" " ind2=" "><subfield code="a">Support: European laid paper of perhaps two types ; one type with 10 laid lines per cm. (vertical), chain lines spaced 25 mm. apart (horizontal) ; another type with 11 laid lines per cm. (vertical), chain lines spaced 23 mm. apart (horizontal) ; burnished ; watermarks include lion passant guardant (see p.4, 6, 18, etc.) and "CV" or "GA" (see p.10).</subfield></datafield><datafield tag="500" ind1=" " ind2=" "><subfield code="a">Decoration: Keywords (قوله, etc.) and some notabilia rubricated ; some annotations in green ink.</subfield></datafield><datafield tag="500" ind1=" " ind2=" "><subfield code="a">Script: Naskh-nastaʻlīq (talik) ; several hands ; opening hand serifless with leftward slant, fairly straight ascenders, pointing in strokes rather than distinct dots, lām-alif mukhaffafah ; from p.49 a hand partially seriffed with head-serif on initial lām, inclination to the left, drooping descenders, curved ascenders, lām-alif mukhaffafah ; from p.129 a hand serifless with vertical strokes for paired dots, closed counters, shading, indication of tanwīn, final yāʼ of على mardūdah, lām-alif mukhaffafah ; from p.395 again opening hand.</subfield></datafield><datafield tag="500" ind1=" " ind2=" "><subfield code="a">Layout: Written in 21 lines per page ; frame-ruled.</subfield></datafield><datafield tag="500" ind1=" " ind2=" "><subfield code="a">Collation: V (10), III (16) , 7 IV (72), III +1 (79), 11 IV (167), III (173), 3 IV (197), V (207), II (211), 2 IV (227) ; chiefly quaternions ; catchwords present ; possible foliation in black ink, Hindu-Arabic numerals, appears in upper outer corner of the recto of many leaves (see p.61, 63, 77, 79, etc.), somewhat haphazard ; pagination in pencil, Western numerals, supplied during cataloguing.</subfield></datafield><datafield tag="500" ind1=" " ind2=" "><subfield code="a">Explicit: "قوله واذا على مما علم البعيد فان قلت العلم باللازم انما يلزم اذا تصور الملزوم قصدا ويكون العلم به تاما بالمعنى الذي تعرفه و ح [وحينئذ] نقول العلم الثالث انما يلزم اذا كان"</subfield></datafield><datafield tag="500" ind1=" " ind2=" "><subfield code="a">Incipit: "الحمد لله الذى تولهت الافهام فى كبرياء ذاته وتحيرت الاوهام فى عظمة صفاته ... اما بعد فاعلموا معاشر طلاب اليقين سلام عليكم لا نبتغى الجاهلين ان اصحاب العقل متطابقون ... ثم شرح المواقف من بين كتبه للمولى المحقق واكبر المدقق جامع المعقول والمنقول قرة عين القبول السيد الشريف عامله الله بلطفه اللطيف كتاب اعترف ... ولقد طال ما جال في صدري ان اكتب عليه حواشي يزيل صعابه و يكشف عن وجوه فريدة نقابه ..."</subfield></datafield><datafield tag="500" ind1=" " ind2=" "><subfield code="a">Title from inscription on 'title page' (p.1).</subfield></datafield><datafield tag="500" ind1=" " ind2=" "><subfield code="a">Ms. codex.</subfield></datafield><datafield tag="510" ind1="4" ind2=" "><subfield code="a">Brockelmann, C. GAL,</subfield><subfield code="c">II, 208</subfield></datafield><datafield tag="520" ind1="8" ind2=" "><subfield code="a">Fine copy of the gloss of Ḥasan Chalabī (d.1481) on al-Jurjānī’s (d.1413) commentary on the work of al-Ījī (d. 1355?), al-Mawāqif fī ʻilm al-kalām, on scholastic theology. Description provided mainly by Sarah Mirza.</subfield></datafield><datafield tag="538" ind1=" " ind2=" "><subfield code="a">Mode of access: Internet.</subfield></datafield><datafield tag="541" ind1=" " ind2=" "><subfield code="c">Purchase ;</subfield><subfield code="a">Acquired by purchase (funds donated by Horace Rackham).</subfield><subfield code="d">1924.</subfield></datafield><datafield tag="546" ind1=" " ind2=" "><subfield code="a">Arabic.</subfield></datafield><datafield tag="561" ind1=" " ind2=" "><subfield code="a">Bookplate of British Museum, London on interior of upper cover, "No. 121. Hasan Chelebi's commentary on al-Mawaqif" ; circular seal impression with figure of goat/gazelle in purple ink as well as inscription "120" in Western numerals on 'title page' ; title and "٢٨" in black ink on upper board lining and on 'title page' ; circular waqf-seal impression in black ink appears on 'title page' (p.1) and several places throughout, reads: "هذا وقف الراجي فيض الصمدي الشيخ احمد ضيا الدين ابن مصطفى الخالدي فمن بدله بعد ما سمعه فانما اثمه على الذين يبدلونه" in name of Aḥmad Ḍiyāʼ al-Dīn ibn Muṣṭafá al-Khālidī (i.e. Ahmed Ziyâüddîn Gümüşhanevî, d. 1893 or 4) ; "وقف" across upper margins of pp.346-347 ; marginal notes in 2-3 hands in black ink throughout, corrections made in black or green ink, interlinear glosses in black ink, sometimes as diagonal (or vertical see p.301) lines through text (see p.236, 257, 276, 383).</subfield></datafield><datafield tag="600" ind1="1" ind2="0"><subfield code="a">Jurjānī, ʻAlī ibn Muḥammad,</subfield><subfield code="c">al-Sayyid al-Sharīf,</subfield><subfield code="d">1340-1413.</subfield><subfield code="t">Sharḥ al-Mawāqif.</subfield></datafield><datafield tag="600" ind1="1" ind2="0"><subfield code="a">Ījī, ʻAḍud al-Dīn ʻAbd al-Raḥmān ibn Aḥmad,</subfield><subfield code="d">-1355?</subfield><subfield code="t">Mawāqif fī ʻilm al-kalām.</subfield></datafield><datafield tag="650" ind1=" " ind2="0"><subfield code="a">Manuscripts, Arabic</subfield><subfield code="z">Michigan</subfield><subfield code="z">Ann Arbor.</subfield></datafield><datafield tag="650" ind1=" " ind2="0"><subfield code="a">Islam</subfield><subfield code="x">Doctrines</subfield><subfield code="v">Early works to 1800.</subfield></datafield><datafield tag="773" ind1="0" ind2=" "><subfield code="a">Tiflis Collection.</subfield></datafield><datafield tag="880" ind1="1" ind2="0"><subfield code="6">245-03/</subfield><subfield code="a">حسن چلبي على شرح المواقف,</subfield><subfield code="f">[القرن 18م؟].</subfield></datafield><datafield tag="880" ind1="1" ind2=" "><subfield code="6">100-01/</subfield><subfield code="a">.فناري، حسن بن محمد شاه</subfield></datafield><datafield tag="CID" ind1=" " ind2=" "><subfield code="a">005984416</subfield></datafield><datafield tag="DAT" ind1="0" ind2=" "><subfield code="a">20190719102633.0</subfield><subfield code="b">20190719000000.0</subfield></datafield><datafield tag="DAT" ind1="1" ind2=" "><subfield code="a">20190719090653.0</subfield><subfield code="b">2019-07-19T16:11:11Z</subfield></datafield><datafield tag="DAT" ind1="2" ind2=" "><subfield code="a">2015-10-10T18:00:06Z</subfield></datafield><datafield tag="CAT" ind1=" " ind2=" "><subfield code="a">SDR-MIU</subfield><subfield code="d">EX LIBRIS - ALEPH</subfield><subfield code="l">prepare.pl-004-008</subfield></datafield><datafield tag="FMT" ind1=" " ind2=" "><subfield code="a">BK</subfield></datafield><datafield tag="HOL" ind1=" " ind2=" "><subfield code="0">sdr-miu005984416</subfield><subfield code="a">MiU</subfield><subfield code="b">SDR</subfield><subfield code="c">MIU</subfield><subfield code="p">mdp.39015079105642</subfield><subfield code="s">MIU</subfield><subfield code="1">005984416</subfield></datafield><datafield tag="974" ind1=" " ind2=" "><subfield code="b">MIU</subfield><subfield code="c">MIU</subfield><subfield code="d">20190719</subfield><subfield code="s">lit-dlps-dc</subfield><subfield code="u">mdp.39015079105642</subfield><subfield code="y">1799</subfield><subfield code="r">pd</subfield><subfield code="q">bib</subfield><subfield code="t">non-US bib date1 &lt; 1896</subfield></datafield></record></collection>